%BEGIN SODA

@inproceedings{COW14:SODA,
  author = {V. Chonev and J. Ouaknine and J. Worrell},
  title = {The {P}olyhedron-{H}itting {P}roblem},
  booktitle = {Proceedings of SODA},
  publisher = {ACM-SIAM},
  year = {2015}
}

@inproceedings{ChenFM12,
  author    = {H.Y. Chen and
               S. Flur and
               S. Mukhopadhyay},
  title     = {Termination Proofs for Linear Simple Loops},
  booktitle = {SAS},
  year      = {2012},
  pages     = {422-438},
  publisher = {Springer},
  series    = {Lecture Notes in Computer Science},
  volume    = {7460}
}


@inproceedings{ColonS01,
  author    = {M. Col{\'o}n and
               H. Sipma},
  title     = {Synthesis of Linear Ranking Functions},
  booktitle = {TACAS},
  year      = {2001},
  pages     = {67-81},
  publisher = {Springer},
  series    = {Lecture Notes in Computer Science},
  volume    = {2031}
}


@inproceedings{BradleyMS05,
  author    = {A. R. Bradley and
               Z. Manna and
               H.B. Sipma},
  title     = {Termination Analysis of Integer Linear Loops},
  booktitle = {CONCUR},
  year      = {2005},
  pages     = {488-502},
  publisher = {Springer},
  series    = {Lecture Notes in Computer Science},
  volume    = {3653}
}

@article{BasuPR96,
  author    = {S. Basu and
               R. Pollack and
               M.-F. Roy},
  title     = {On the Combinatorial and Algebraic Complexity of Quantifier
               Elimination},
  journal   = {J. ACM},
  volume    = {43},
  number    = {6},
  year      = {1996},
  pages     = {1002-1045},
  ee        = {http://doi.acm.org/10.1145/235809.235813},
  bibsource = {DBLP, http://dblp.uni-trier.de}
}


@inproceedings{CookPR06,
  author    = {B. Cook and
               A. Podelski and
               A. Rybalchenko},
  title     = {Termination proofs for systems code},
  booktitle = {PLDI},
  year      = {2006},
  pages     = {415-426},
  publisher = {ACM}
}

@inproceedings{OuaknineW14a,
  author    = {J. Ouaknine and J. Worrell},
  title     = {Ultimate Positivity is Decidable for Simple Linear
Recurrence Sequences},
  booktitle     = {Proceedings of ICALP'2014},
  series    = {Lecture Notes in Computer Science},
  year      = {2014},
  volume    = {8573},
  publisher = {Springer},
  pages     = {330--341}
}


@article{BlondelJKP05,
  author    = {V. Blondel and
               E. Jeandel and
               P. Koiran and
               N. Portier},
  title     = {Decidable and Undecidable Problems about Quantum Automata},
  journal   = {SIAM J. Comput.},
  volume    = {34},
  number    = {6},
  year      = {2005},
  pages     = {1464-1473},
  ee        = {http://dx.doi.org/10.1137/S0097539703425861},
  bibsource = {DBLP, http://dblp.uni-trier.de}
}


@article{AV09,
title = {Small Points on Subvarieties of a Torus},
author = {F. Amoroso and E. Viada},
journal = {Duke Mathematical Journal},
volume = {150},
number = {3},
year = {2009}
}


@article{ESS02,
author = {J.-H. Evertse and H. P. Schlickewei and W. M. Schmidt},
title = {Linear Equations in Variables which Lie in a Multiplicative Group},
journal = {Ann. Math.},
volume = {155},
number = {3},
year = {2002}
}


@book{Tao08,
  author  = {T. Tao},
  title = {Structure and randomness: pages from year one of a mathematical blog},
  publisher = {American Mathematical Society},
  year = {2008}
}


@article{BellDJB10,
  author    = {P. Bell and
               J-C. Delvenne and
               R. Jungers and
               V. Blondel},
  title     = {The continuous {S}kolem-{P}isot problem},
  journal   = {Theor. Comput. Sci.},
  volume    = {411},
  number    = {40-42},
  year      = {2010},
  pages     = {3625-3634},
  ee        = {http://dx.doi.org/10.1016/j.tcs.2010.06.005},
  bibsource = {DBLP, http://dblp.uni-trier.de}
}

@article{BlondelT00,
  author    = {V. Blondel and
               J. Tsitsiklis},
  title     = {A survey of computational complexity results in systems
               and control},
  journal   = {Automatica},
  volume    = {36},
  number    = {9},
  year      = {2000},
  pages     = {1249-1274},
  ee        = {http://dx.doi.org/10.1016/S0005-1098(00)00050-9},
  bibsource = {DBLP, http://dblp.uni-trier.de}
}


@article{Sch77,
  author = {H.P. Schlickewei},
  title = {The {$\mathfrak{p}$}-adic {T}hue-{S}iegel-{R}oth-{S}chmidt {T}heorem},
  journal = {Arch. Math},
  volume = {29},
  pages = {267-270},
  year = {1977}
}

@article{HastadJLS89,
  author    = {J. H{\aa}stad and
               B. Just and
               J. C. Lagarias and
               C-P. Schnorr},
  title     = {Polynomial Time Algorithms for Finding Integer Relations
               among Real Numbers},
  journal   = {SIAM J. Comput.},
  volume    = {18},
  number    = {5},
  year      = {1989},
  pages     = {859-881},
  ee        = {http://dx.doi.org/10.1137/0218059},
  bibsource = {DBLP, http://dblp.uni-trier.de}
}


@Book{MGbook,
  author =	 {D. Micciancio and S. Goldwasser},
  title = 	 {Complexity of Lattice Problems: a cryptographic perspective},
  publisher = 	 {Kluwer Academic Publishers},
  series =       {The Kluwer International Series in Engineering and
                  Computer Science},
  year = 	 2002,
  volume =	 671,
  address =	 {Boston, Massachusetts}
}


@inproceedings{OW13:constructive-positivity,
author = {J. Ouaknine and J. Worrell},
  title = {On the {P}ositivity {P}roblem for
Simple Linear Recurrence Sequences},
  booktitle = {Proceedings of ICALP'14},
  year = {2014},
note ={\textit{CoRR, abs}/1309.1550}
}

@inproceedings{OW14:SODA,
  author = {J. Ouaknine and J. Worrell},
  title = {Positivity Problems for Low-Order Linear Recurrence Sequences},
 booktitle = {Proceedings of SODA},
 publisher = {ACM-SIAM},
  year = {2014}
}

@article{Cai94,
  author    = {J.-Y. Cai},
  title     = {Computing {J}ordan Normal Forms Exactly for Commuting Matrices
               in Polynomial Time},
  journal   = {Int. J. Found. Comput. Sci.},
  volume    = {5},
  number    = {3/4},
  year      = {1994},
  pages     = {293-302},
  ee        = {http://dx.doi.org/10.1142/S0129054194000165},
  bibsource = {DBLP, http://dblp.uni-trier.de}
}


@inproceedings{Canny88,
 author = {J. Canny},
 title = {Some algebraic and geometric computations in {PSPACE}},
 booktitle = {Proceedings of STOC'88},
 year = {1988},
 pages = {460--467},
 numpages = {8},
 publisher = {ACM}
}

@inproceedings{Hansel85,
  author    = {G. Hansel},
  title     = {A Simple Proof of the Skolem-Mahler-Lech Theorem},
  booktitle = {ICALP},
  year      = {1985},
  pages     = {244-249},
  publisher = {Springer},
  series    = {Lecture Notes in Computer Science},
  volume    = {194}
}


@article{Evertse84,
author = {J.-H. Evertse},
journal = {Compositio Mathematica},
keywords = {linear recurrence relation; greatest prime factor},
language = {eng},
number = {2},
pages = {225-244},
publisher = {Noordhoff International},
title = {On sums of {$S$}-units and linear recurrences},
url = {http://eudml.org/doc/89685},
volume = {53},
year = {1984},
}

@article{PS82,
author = {A.J. van der Poorten and H.P. Schlickewei},
title = {The growth conditions for recurrence sequences},
journal = {Macquarie Math. Reports},
number = {82-0041},
year = {1982}
}

@book{Cassels65,
 author = {J.W.S. Cassels},
 title = {An introduction to Diophantine approximation},
 publisher = {Camb. Univ. Pr.},
 year = {1965}
}

@book{Bak75,
author = {A. Baker},
title = {Transcendental Number Theory},
publisher = {Camb.\ Univ.\ Press},
year = {1975}
}

@article{BW81,
author = {J. R. Burke and W. A. Webb},
title = {Asymptotic Behavior of Linear Recurrences},
journal = {Fib. Quart.},
volume = {19},
number = {4},
year = {1981}
}

@inproceedings{Sch80,
author = {W. M. Schmidt},
title = {Diophantine Approximation},
booktitle = {Lect. Notes. in Math.},
volume = {785},
year = {1980}
}

@article{HKR10,
author = {M. Hirvensalo and J.~Karhum{\"a}ki and A. Rabinovich},
title = {Computing Partial Information out of Intractable: Powers of Algebraic
  Numbers as an Example},
journal = {Jour. Number Theory},
volume = {130},
year = {2010}
}

@book{RP92,
author = {A. M. Rockett and P. Sz\"usz},
title = {Continued Fractions},
publisher = {World Scientific},
year = {1992}
}

@book{CF89,
author = {T. W. Cusick and M. E. Flahive},
title = {The {M}arkoff and {L}agrange Spectra},
publisher = {American Mathematical Society},
year = {1989}
}

@article{LS97,
author = {J. C. Lagarias and J. O. Shallit},
title = {Linear fractional transformations of continued fractions
with bounded partial quotients},
journal = {Journal de Th\'eorie des Nombres de Bordeaux},
volume = {9},
year = {1997}
}

@inproceedings{OW12,
  author    = {J. Ouaknine and
               J. Worrell},
  title     = {Decision Problems for Linear Recurrence Sequences},
  booktitle = {Proceedings of RP'12},
  year      = {2012},
  series    = {LNCS},
  volume    = {7550},
  publisher = {Springer}
}

@article{Liu10,
  author    = {L. Liu},
  title     = {Positivity of Three-Term Recurrence Sequences},
  journal   = {Elec. J. Comb.},
  volume    = {17},
  number    = {1},
  year      = {2010}
}

@article{DJK05,
  author    = {H. Derksen and
               E. Jeandel and
               P. Koiran},
  title     = {Quantum Automata and Algebraic Groups},
  journal   = {J. Symb. Comput.},
  volume    = {39},
  number    = {3-4},
  year      = {2005}
}

@inproceedings{COW13,
author = {V. Chonev and J. Ouaknine and J. Worrell},
title = {The {O}rbit {P}roblem in Higher Dimensions},
booktitle = {Proceedings of STOC'13},
publisher = {ACM},
year = {2013}
}

@article{BRS06,
  author    = {D. Beauquier and
               A. M. Rabinovich and
               A. Slissenko},
  title     = {A Logic of Probability with Decidable Model Checking},
  journal   = {J. Log. Comput.},
  volume    = {16},
  number    = {4},
  year      = {2006}
}

@inproceedings{BRS02,
  author    = {D. Beauquier and
               A. Rabinovich and
               A. Slissenko},
  title     = {A Logic of Probability with Decidable Model-Checking},
  booktitle = {Proc. Comp. Sci. Logic (CSL)},
  year      = {2002},
  series    = {LNCS},
  volume    = {2471},
  publisher = {Springer}
}

@Misc{Tao07,
  author = 	 {T. Tao},
  title = 	 {Open question: effective {S}kolem-{M}ahler-{L}ech theorem},
  howpublished = {\emph{Blog entry}},
  month = 	 {May},
  year = 	 2007,
}

@article{Lit97,
  author    = {B. Litow},
  title     = {A Decision Method for the Rational Sequence Problem},
  journal   = {Electronic Colloquium on Computational Complexity (ECCC)},
  volume    = {4},
  number    = {55},
  year      = {1997}
}

@inproceedings{Bra06,
  author    = {M. Braverman},
  title     = {Termination of Integer Linear Programs},
  booktitle = {Proc. Intern. Conf. on Computer Aided Verification (CAV)},
  year      = {2006},
  series    = {LNCS},
  volume    = {4144},
  publisher = {Springer}
}

@Article{BP02,
  author = 	 {V. D. Blondel and N. Portier},
  title = 	 {The presence of a zero in an integer linear
                  recurrent sequence is {NP}-hard to decide},
  volume = {351--352},
  journal = 	 {Linear Algebra and Its Applications},
  year = 	 2002}

@Book{Wal00,
  author = 	 {M. Waldschmidt},
  title = 	 {Diophantine approximation on linear algebraic groups},
  publisher = 	 {Springer-Verlag},
  year = 	 2000}

@Article{MST84,
  author = 	 {M. Mignotte and T. Shorey and R. Tijdeman},
  title = 	 {The distance between terms of an algebraic
                  recurrence sequence},
  journal = 	 {J. f\"ur die reine und angewandte Math.},
  year = 	 1984,
  volume = 	 349}

@Article{Ver85,
  author = 	 {N. K. Vereshchagin},
  title = 	 {The problem of appearance of a zero in a linear
                  recurrence sequence (in {R}ussian)},
  journal = 	 {Mat. Zametki},
  year = 	 1985,
  volume = 	 38,
  number = 	 2}

@Misc{Lip09,
  author = 	 {R. J. Lipton},
  title = 	 {Mathematical Embarrassments},
  howpublished = {\emph{Blog entry}},
  month = 	 {December},
  year = 	 2009
}

@inproceedings{Mig82,
author = {M. Mignotte},
title = {Some Useful Bounds},
booktitle = {Computer Algebra},
year = {1982}
}

@Article{BM76,
  author = 	 {J. Berstel and M. Mignotte},
  title = 	 {Deux propri\'et\'es d\'ecidables des suites
r\'ecurrentes lin\'eaires},
  journal = 	 {Bull. Soc. Math. France},
  year = 	 1976,
  volume = 	 104}

@Book{Coh93,
  author = 	 {H. Cohen},
  title = 	 {A Course in Computational Algebraic Number Theory},
  publisher = 	 {Springer-Verlag},
  year = 	 1993}

@Book{SnT,
  author = 	 {I. Stewart, D. Tall},
  title = 	 {Algebraic Number Theory and Fermat's Last Theorem},
  publisher = 	 {A K Peters},
  year = 	 2002}

@Book{BPR06,
author = {S. Basu and R. Pollack and M.-F. Roy},
title = {Algorithms in Real Algebraic Geometry},
edition = {2nd},
year = {2006},
publisher = {Springer}
}

@article{NS90,
author = {K. Nagasaka and J.-S. Shiue},
title = {Asymptotic Positiveness of Linear Recurrence Sequences},
journal = {Fib. Quart.},
volume = {28},
number = {4},
year = {1990}
}

@article{Ger05,
author = {S. Gerhold},
title = {Point lattices and oscillating recurrence sequences},
journal = {Jour. of Difference Equations and Applications},
publisher = {Taylor {\&} Francis},
volume = {11},
number = {6},
year = {2005}
}

@book{BCR98,
author = {J. Bochnak and M. Coste and M.-F. Roy},
title = {Real Algebraic Geometry},
year = {1998},
publisher = {Springer}
}

@book{Bou66,
author = {N. Bourbaki},
title = {Elements of Mathematics: General Topology (Part 2)},
publisher = {Addison-Wesley},
year = {1966}
}

@article{BW93,
author = {A. Baker and G. W\"{u}stholz},
title = {Logarithmic forms and group varieties},
journal = {Jour. Reine Angew. Math.},
volume = 442,
year = {1993}
}

@article{Ren92,
author = {J. Renegar},
title = {On the Computational Complexity and Geometry of the
                  First-Order Theory of the Reals.},
journal = {J. Symb. Comp.},
year = {1992},
publisher = {Academic Press Ltd.}
}

@TechReport{TUCS05,
  title = {Skolem's Problem -- On the Border between Decidability and
                  Undecidability},
  author = {V. Halava and T. Harju and M. Hirvensalo and J. Karhum\"aki},
  number = {683},
  series = {TUCS Technical Reports},
  institution = {Turku Centre for Computer Science},
  year = {2005}
}

@InProceedings{Sko34,
  author = 	 {T. Skolem},
  title = 	 {Ein {V}erfahren zur {B}ehandlung gewisser
exponentialer {G}leichungen},
  booktitle = {Comptes rendus du congr\`es des math\'ematiciens
scandinaves},
  year = 	 1934}

@Article{Mah35,
  author = 	 {K. Mahler},
  title = 	 {Eine arithmetische {E}igenschaft der
{T}aylor {K}oeffizienten rationaler {F}unktionen},
  journal = 	 {Proc. Akad. Wet. Amsterdam},
  year = 	 1935,
  volume = 	 38}

@Article{Mah56,
  author = 	 {K. Mahler},
  title = 	 {On the {T}aylor coefficients of rational functions},
  journal = 	 {Proc. Cambridge Philos. Soc.},
  year = 	 1956,
  volume = 	 52}

@Article{Lec53,
  author = 	 {C. Lech},
  title = 	 {A note on recurring series},
  journal = 	 {Ark. Mat.},
  year = 	 1953,
  volume = 	 2}

@article{Pan97,
author = {V. Pan},
title = {Optimal and Nearly Optimal Algorithms for Approximating Polynomial
  Zeros},
journal = {Computers {\&} Mathematics with Applications},
volume = {31},
number= {12},
year = {1996}
}

@book{Tar51,
author = {A. Tarski},
title = {A Decision Method for Elementary Algebra and Geometry},
publisher = {University of California Press},
year = {1951}
}

@inproceedings{Col75,
author = {G. E. Collins},
title = {Quantifier Elimination for Real Closed Fields by
Cylindrical Algebraic Decomposition},
booktitle = {Proc. 2nd GI Conf. Automata Theory and Formal Languages},
publisher = {Springer-Verlag},
year = {1975}
}

@inproceedings{PR04,
  author    = {A. Podelski and
               A. Rybalchenko},
  title     = {A Complete Method for the Synthesis of Linear Ranking Functions},
  booktitle = {Proc. Intern. Conf. on Verif., Model Checking, and Abstract
Interpretation (VMCAI)},
  year      = {2004},
  series    = {LNCS},
  volume = {2937},
publisher = {Springer}
}

@inproceedings{AAG12,
  author    = {M. Agrawal and
               S. Akshay and
               B. Genest and
               P. S. Thiagarajan},
  title     = {Approximate Verification of the Symbolic Dynamics of {M}arkov
               Chains},
  booktitle = {Proc. Symp. on Logic in Comp. Sci. (LICS)},
  year      = {2012},
  publisher = {IEEE}
}

@inproceedings{BIK12,
  author    = {M. Bozga and
               R. Iosif and
               Filip Konecn{\'y}},
  title     = {Deciding Conditional Termination},
  booktitle = {Proc. Intern. Conf. on Tools and Algorithms for the
             Construction and Analysis of Systems (TACAS)},
  year      = {2012},
  series    = {LNCS},
  publisher = {Springer},
  volume    = {7214}
}

@article{CPR11,
  author    = {B. Cook and
               A. Podelski and
               A. Rybalchenko},
  title     = {Proving Program Termination},
  journal   = {Commun. ACM},
  volume    = {54},
  number    = {5},
  year      = {2011}
}

@inproceedings{Ge93:FOCS,
 author = {G. Ge},
 title = {Testing equalities of multiplicative representations in polynomial time},
 booktitle = {Proceedings of the 1993 IEEE 34th Annual Foundations of Computer Science},
 series = {SFCS '93},
 year = {1993},
 isbn = {0-8186-4370-6},
 pages = {422--426},
 numpages = {5},
 url = {http://dx.doi.org/10.1109/SFCS.1993.366845},
 doi = {10.1109/SFCS.1993.366845},
 acmid = {1398984},
 publisher = {IEEE Computer Society},
 address = {Washington, DC, USA},
 keywords = {deterministic polynomial time algorithm, testing equalities, multiplicative representations, polynomial time, nonzero elements, algebraic number field, rational integers},
}

@PhDthesis{Ge93,
author = {G. Ge},
title = {Algorithms Related to Multiplicative Representations of
Algebraic Numbers},
year = {1993},
school = {U.C. Berkeley}
}

@inproceedings{Ben13,
  author    = {A. M. Ben-Amram},
  title     = {Mortality of Iterated Piecewise Affine Functions over the
               Integers: Decidability and Complexity},
  booktitle = {Proc. Intern. Symp. on Theoret. Aspects of Comp. Sci.(STACS)},
  year      = {2013},
  publisher = {Schloss Dagstuhl -- Leibniz-Zentrum f\"ur Informatik},
  series    = {LIPIcs},
  volume    = {20}
}

@article{BGM12,
  author    = {A. M. Ben-Amram and
               S. Genaim and
               A. N. Masud},
  title     = {On the Termination of Integer Loops},
  journal   = {ACM Trans. Program. Lang. Syst.},
  volume    = {34},
  number    = {4},
  year      = {2012}
}

@article{KL86,
  author    = {R. Kannan and
               R. J. Lipton},
  title     = {Polynomial-Time Algorithm for the Orbit Problem},
  journal   = {JACM},
  volume    = {33},
  number    = {4},
  year      = {1986}
}

@article{CLZ00,
  author    = {J.-Y. Cai and
               R. J. Lipton and
               Y. Zalcstein},
  title     = {The Complexity of the {A B C} Problem},
  journal   = {SIAM J. Comput.},
  volume    = {29},
  number    = {6},
  year      = {2000}
}

@inproceedings{YLN95,
author = {K. Yokoyama and Z. Li and I. Nemes},
title = {Finding roots of unity among quotients of the roots of
an integral polynomial},
booktitle = {Proc. Intern. Symp. on Symb. and Algebraic Comp.},
year = {1995}
}

@inproceedings{Mas88,
author = {D. W. Masser},
title = {Linear Relations on Algebraic Groups},
booktitle = {New Advances in Transcendence Theory},
publisher = {Camb.\ Univ.\ Press},
year = {1988}
}

@inproceedings{TV11,
  author    = {S. P. Tarasov and
               M. N. Vyalyi},
  title     = {Orbits of Linear Maps and Regular Languages},
  booktitle = {Proc. Intern. Comp. Sci. Symp. in Russia (CSR)},
  year      = {2011},
  publisher = {Springer},
  series = {LNCS},
  volume = {6651}
}

@inproceedings{Tiw04,
  author    = {A. Tiwari},
  title     = {Termination of Linear Programs},
  booktitle = {Proc. Intern. Conf. on Comp. Aided Verif. (CAV)},
  year      = {2004},
  series    = {LNCS},
  volume    = {3114},
  publisher = {Springer}
}

@Book{BOOK,
  author = 	 {G. Everest and A. van der Poorten and
                  I. Shparlinski and T. Ward},
  title = 	 {Recurrence Sequences},
  publisher = 	 {American Mathematical Society},
  year = 	 2003}

@book{Bau70,
author = {W. J. Baumol},
title = {Economic Dynamics},
publisher = {Prentice Hall},
year = {1970},
edition = {3rd}
}

@InCollection{Soi76,
  author = 	 {M. Soittola},
  title = 	 {On {D0L} Synthesis Problem},
  booktitle = 	 {Automata, Languages, Development},
  publisher = {North-Holland},
  year = 	 1976,
  editor = 	 {A. Lindenmayer and G. Rozenberg}}

@proceedings{LR76,
editor = {A. Lindenmayer and G. Rozenberg},
booktitle = {Automata, Languages, Development},
title     =    {Automata, Languages, Development},
publisher = {North-Holland},
year      = {1976}
}

@InCollection{Sal76,
  author = 	 {A. Salomaa},
  title = 	 {Growth Functions of {L}indenmayer Systems: Some New
                  Approaches},
  booktitle = 	 {Automata, Languages, Development},
  publisher = {North-Holland},
  year = 	 {1976},
  editor = 	 {A. Lindenmayer and G. Rozenberg}
}

@book{RS94,
author = {G. Rozenberg and A. Salomaa},
title = {Cornerstones of Undecidability},
year = {1994},
publisher = {Prentice Hall}
}

@article{BG07,
author = {J. P. Bell and S. Gerhold},
title = {On the Positivity Set of a Linear Recurrence},
journal = {Israel Jour. Math.},
volume = {57},
year = {2007}
}

@article{HHH06,
  author    = {V. Halava and
               T. Harju and
               M. Hirvensalo},
  title     = {Positivity of second order linear recurrent sequences},
  journal   = {Discrete Applied Mathematics},
  volume    = {154},
  number    = {3},
  year      = {2006}
 }

@Article{LT09,
  author = 	 {V. Laohakosol and P. Tangsupphathawat},
  title = 	 {Positivity of third order linear recurrence sequences},
  journal = 	 {Discrete Applied Mathematics},
  year = 	 2009,
  volume = 	 157,
  number = 	 15}


@article{B1940,
  author = {A.S. Besicovitch},
  title = {On the linear independence of fractional powers of integers},
  journal = {J. London Math. Soc.},
  volume = {15},
  pages = {3-6},
  year = {1940}
}

@book{FT93,
  author = {A. Fr{\"{o}}hlich and M.J. Taylor},
  title = {Algebraic Number Theory},
  publisher = {Camb.\ Univ.\ Press},
  year = {1993}
}


@book{SD01,
  author = {H. Swinnerton-Dyer},
  title = {A Brief Guide to Algebraic Number Theory},
  publisher = {London Mathmetical Society},
  series = {Student Texts},
  volume = {50},
  year = {2001}
}


@book{Baker12,
   author = {A. Baker},
  title = {A Comprehensive Introduction to Number Theory},
   publisher = {Camb.\ Univ.\ Press},
  year = {2012}
 }

@article{GrigorevVV88,
  author    = {Dima Grigoriev and
               Nicolai Vorobjov},
  title     = {Solving Systems of Polynomial Inequalities in Subexponential
               Time},
  journal   = {J. Symb. Comput.},
  volume    = {5},
  number    = {1-2},
  year      = {1988},
  pages     = {37-64}
}



@article{SchaeferS13,
 author = {Marcus Schaefer and Daniel \v{S}tefankovi\v{c}},
 title = {Fixed Points, {N}ash Equilibria and the Existential Theory of the Reals},
 journal = {Unpublished},
 year = {2011}
}

@inproceedings{CuckerR92,
  author    = {Felipe Cucker and
               Francesc Rossell{\'o}},
  title     = {On the Complexity of Some Problems for the {B}lum, {S}hub and
               {S}male Model},
  booktitle = {LATIN},
  year      = {1992},
  pages     = {117-129},
  publisher = {Springer},
  series    = {Lecture Notes in Computer Science},
  volume    = {583}
}


@article{ABKM09,
  author    = {Eric Allender and
               Peter B{\"u}rgisser and
               Johan Kjeldgaard-Pedersen and
               Peter Bro Miltersen},
  title     = {On the Complexity of Numerical Analysis},
  journal   = {SIAM J. Comput.},
  volume    = {38},
  number    = {5},
  year      = {2009},
  pages     = {1987-2006}
}

@book{BSS,
  author ={L. Blum and F. Cucker and M. Shub and S. Smale},
  title = {Complexity and real computation},
  publisher={Springer-Verlag},
  year ={1997}
}

@inproceedings{BlumSS88,
  author    = {L. Blum and
               M. Shub and
               S. Smale},
  title     = {On a Theory of Computation over the Real Numbers; NP Completeness,
               Recursive Functions and Universal Machines (Extended Abstract)},
  booktitle = {FOCS},
  year      = {1988},
  pages     = {387-397},
  publisher = {IEEE Computer Society}
}

@article{AdlerB94,
  author    = {I. Adler and
               P.A. Beling},
  title     = {Polynomial Algorithms for Linear Programming over the Algebraic
               Numbers},
  journal   = {Algorithmica},
  volume    = {12},
  number    = {6},
  year      = {1994},
  pages     = {436-457},
  ee        = {http://dx.doi.org/10.1007/BF01188714},
  bibsource = {DBLP, http://dblp.uni-trier.de}
}

@inproceedings{KhachiyanP97,
  author    = {L. Khachiyan and
               L. Porkolab},
  title     = {Computing Integral Points in Convex Semi-algebraic Sets},
  booktitle = {FOCS},
  year      = {1997},
  pages     = {162-171},
  ee        = {http://doi.ieeecomputersociety.org/10.1109/SFCS.1997.646105},
  bibsource = {DBLP, http://dblp.uni-trier.de}
}

@inproceedings{Ben-AmramG13,
  author    = {A.M. Ben-Amram and
               S. Genaim},
  title     = {On the linear ranking problem for integer linear-constraint
               loops},
  booktitle = {POPL},
  year      = {2013},
  pages     = {51-62},
  ee        = {http://doi.acm.org/10.1145/2429069.2429078},
  bibsource = {DBLP, http://dblp.uni-trier.de}
}

@inproceedings{PodelskiR04,
  author    = {A. Podelski and
               A. Rybalchenko},
  title     = {Transition Invariants},
  booktitle = {LICS},
  year      = {2004},
  pages     = {32-41},
  ee        = {http://doi.ieeecomputersociety.org/10.1109/LICS.2004.1319598},
  bibsource = {DBLP, http://dblp.uni-trier.de}
}

@Article{LenstraLenstraLovasz1982,
  author = {A.K. Lenstra and H.W. Lenstra Jr. and L{\'a}szlo Lov{\'a}sz},
  title = {Factoring polynomials with rational coefficients},
  journal = {Math. Ann.},
  year = 1982,
  volume = 261,
  pages = {515--534}
}

@inproceedings{RMM,
   author = {R. Rebiha and
             N. Matringe and
             A.V. Moura},
   title = {Generating Asymptotically Non-terminant Initial Variable Values for Linear Diagonalizable Programs.},
   booktitle = {SCSS},
   year = {2013},
   pages = {81-92}
}

@article{RMM1,
  author    = {R. Rebiha and
               N. Matringe and
               A. V. Moura},
  title     = {Generating Asymptotically Non-Terminating Initial Values for Linear
               Programs},
  journal   = {CoRR},
  year      = {2014},
  volume    = {abs/1407.4556}
}

%END SODA

%BEGIN LICS
@book{Alu15,
author = {R. Alur},
title = {Principles of Cyber-Physical Systems},
publisher = {MIT Press},
year = {2015}
}

@book{HW,
  author  = {G. H. Hardy and E. M. Wright},
  title = {An Introduction to the Theory of Numbers},
  publisher = {Oxford University Press},
  year = {1938}
}

@article{ControlSurvey,
  author    = {V. Blondel and
               J. Tsitsiklis},
  title     = {A survey of computational complexity results in systems
               and control},
  journal   = {Automatica},
  volume    = {36},
  number    = {9},
  year      = {2000},
  pages     = {1249-1274},
  ee        = {http://dx.doi.org/10.1016/S0005-1098(00)00050-9},
  bibsource = {DBLP, http://dblp.uni-trier.de}
}

@Book{LatticeBook,
  author =	 {D. Micciancio and S. Goldwasser},
  title = 	 {Complexity of Lattice Problems: a cryptographic perspective},
  publisher = 	 {Kluwer Academic Publishers},
  series =       {The Kluwer International Series in Engineering and
                  Computer Science},
  year = 	 2002,
  volume =	 671,
  address =	 {Boston, Massachusetts}
}

@article{JNF,
  author    = {J.-Y. Cai},
  title     = {Computing {J}ordan Normal Forms Exactly for Commuting Matrices
               in Polynomial Time},
  journal   = {Int. J. Found. Comput. Sci.},
  volume    = {5},
  number    = {3/4},
  year      = {1994},
  pages     = {293-302},
}

@inproceedings{CannyPSPACE,
 author = {J. Canny},
 title = {Some algebraic and geometric computations in {PSPACE}},
 booktitle = {Proceedings of STOC'88},
 year = {1988},
 pages = {460--467},
 numpages = {8},
 publisher = {ACM}
}

@book{Baker75,
author = {A. Baker},
title = {Transcendental Number Theory},
publisher = {Camb.\ Univ.\ Press},
year = {1975}
}

@book{Baker12,
author = {A. Baker},
title = {A Comprehensive Introduction to Number Theory},
publisher = {Camb.\ Univ.\ Press},
year = {2012}
}

@article{BakerPaper,
author = {A. Baker and G. W\"{u}stholz},
title = {Logarithmic forms and group varieties},
journal = {Jour. Reine Angew. Math.},
volume = 442,
year = {1993}
}

@Book{Cohen,
  author = 	 {H. Cohen},
  title = 	 {A Course in Computational Algebraic Number Theory},
  publisher = 	 {Springer-Verlag},
  year = 	 1993}

@Book{HTP,
  author = 	 {Y. Matiyasevich},
  title = 	 {Hilbert's 10th Problem},
  publisher = 	 {MIT Press},
  year = 	 {1993}
}

@Book{BPR06,
author = {S. Basu and R. Pollack and M.-F. Roy},
title = {Algorithms in Real Algebraic Geometry},
edition = {2nd},
year = {2006},
publisher = {Springer}
}

@article{BPR96,
  author    = {S. Basu and
               R. Pollack and
               M.-F. Roy},
  title     = {On the Combinatorial and Algebraic Complexity of Quantifier
               Elimination},
  journal   = {J. ACM},
  volume    = {43},
  number    = {6},
  year      = {1996},
  pages     = {1002-1045},
  ee        = {http://doi.acm.org/10.1145/235809.235813},
  bibsource = {DBLP, http://dblp.uni-trier.de}
}

@article{Renegar,
author = {J. Renegar},
title = {On the Computational Complexity and Geometry of the
                  First-Order Theory of the Reals.},
journal = {J. Symb. Comp.},
year = {1992},
publisher = {Academic Press Ltd.}
}

@article{Pan,
author = {V. Pan},
title = {Optimal and Nearly Optimal Algorithms for Approximating Polynomial
  Zeros},
journal = {Computers {\&} Mathematics with Applications},
volume = {31},
number= {12},
year = {1996}
}

@book{Tarski,
author = {A. Tarski},
title = {A Decision Method for Elementary Algebra and Geometry},
publisher = {University of California Press},
year = {1951}
}

@article{ABC,
  author    = {J.-Y. Cai and
               R. J. Lipton and
               Y. Zalcstein},
  title     = {The Complexity of the {A B C} Problem},
  journal   = {SIAM J. Comput.},
  volume    = {29},
  number    = {6},
  year      = {2000}
}

@inproceedings{BBCIL,
  author    = {L{\'{a}}szl{\'{o}} Babai and
               Robert Beals and
               Jin{-}yi Cai and
               G{\'{a}}bor Ivanyos and
               Eugene M. Luks},
  title     = {Multiplicative Equations over Commuting Matrices},
  booktitle = {Proceedings of the Seventh Annual {ACM-SIAM} Symposium on Discrete
               Algorithms, 28-30 January 1996, Atlanta, Georgia.},
  pages     = {498--507},
  year      = {1996},
  url       = {http://dl.acm.org/citation.cfm?id=313852.314109},
}

@inproceedings{Masser,
author = {D. W. Masser},
title = {Linear Relations on Algebraic Groups},
booktitle = {New Advances in Transcendence Theory},
publisher = {Camb.\ Univ.\ Press},
year = {1988}
}

@inproceedings{KP,
  author    = {L. Khachiyan and
               L. Porkolab},
  title     = {Computing Integral Points in Convex Semi-algebraic Sets},
  booktitle = {FOCS},
  year      = {1997},
  pages     = {162-171},
  ee        = {http://doi.ieeecomputersociety.org/10.1109/SFCS.1997.646105},
  bibsource = {DBLP, http://dblp.uni-trier.de}
}

@Article{LLL,
  author = {A.K. Lenstra and H.W. Lenstra Jr. and L{\'a}szlo Lov{\'a}sz},
  title = {Factoring polynomials with rational coefficients},
  journal = {Math. Ann.},
  year = 1982,
  volume = 261,
  pages = {515--534}
}

@article{MatrixLogs2,
  author    = {B. W. Helton},
  title     = {Logarithms of matrices},
  journal   = {Proc. Amer. Math. Soc.},
  volume    = {19},
  year      = {1968},
  pages     = {733--738},
}

@article{MatrixLogs1,
  author    = {W. J. Culver},
  title     = {On the Existence and Uniqueness of the Real Logarithm
                 of a Matrix},
  journal   = {Proc. Amer. Math. Soc.},
  volume    = {17},
  year      = {1966},
  pages     = {1146--1151},
}

@article{MatrixExps,
  author    = {E. Wermuth},
  title     = {Two remarks on matrix exponentials},
  journal   = {Linear Algebra and its Applications},
  volume    = {117},
  year      = {1989},
  pages     = {127--132},
}

@article{CommutingMatrices,
  title = {Two Classical Theorems on Commuting Matrices},
  author = {M. Newman},
  journal = {Journal of research of the National Bureau of Standards - B. Mathematics and Mathematical Physics},
  volume = {71 B},
  number = {2, 3},
  year = {1967}
}

@inproceedings{MultiplicativeMatrixEquations,
  author    = {L. Babai and
               R. Beals and
               J.{-}Y. Cai and
               G. Ivanyos and
               E. M. Luks},
  title     = {Multiplicative Equations over Commuting Matrices},
  booktitle = {Proceedings of the Seventh Annual {ACM-SIAM} Symposium on Discrete
               Algorithms, 28-30 January 1996, Atlanta, Georgia.},
  pages     = {498--507},
  year      = {1996},
}

@article{MEHTP,
  author    = {P. Bell and
               V. Halava and
               T. Harju and
               J. Karhum{\"{a}}ki and
               I. Potapov},
  title     = {Matrix Equations and {H}ilbert's {T}enth {P}roblem},
  journal   = {{IJAC}},
  volume    = {18},
  number    = {8},
  pages     = {1231--1241},
  year      = {2008},
}

@article{Paterson,
  author    = {M. S. Paterson},
  title     = {Undecidability in 3 by 3 matrices},
  journal   = {J. of {M}ath. and {P}hysics},
  year      = {1970},
}


@book{HalavaSurvey,
  title={Decidable and undecidable problems in matrix theory},
  author={V. Halava},
  year={1997},
}

@article{KL,
  author    = {R. Kannan and
               R. J. Lipton},
  title     = {Polynomial-time algorithm for the orbit problem},
  journal   = {J. {ACM}},
  volume    = {33},
  number    = {4},
  pages     = {808--821},
  year      = {1986},
}

@article{CK05,
  author    = {Christian Choffrut and
               Juhani Karhum{\"{a}}ki},
  title     = {Some decision problems on integer matrices},
  journal   = {{ITA}},
  volume    = {39},
  number    = {1},
  pages     = {125--131},
  year      = {2005},
}

@book{HardyAndWright,
  author  = {G. H. Hardy and E. M. Wright},
  title = {An Introduction to the Theory of Numbers},
  publisher = {Oxford University Press},
  year = {1938}
}

@book{Cassels,
 author = {J. W. S. Cassels},
 title = {An introduction to Diophantine approximation},
 publisher = {Camb. Univ. Pr.},
 year = {1965}
}

@inproceedings{Hainry,
  author    = {E. Hainry},
  title     = {Reachability in Linear Dynamical Systems},
  booktitle = {Logic and Theory of Algorithms, 4th Conference on Computability in
               Europe, CiE 2008, Athens, Greece, June 15-20, 2008, Proceedings},
  pages     = {241--250},
  year      = {2008},
}

@inproceedings{HenzingerLICS,
  author    = {T. A. Henzinger},
  title     = {The Theory of Hybrid Automata},
  booktitle = {Proceedings, 11th Annual {IEEE} Symposium on Logic in Computer Science,
               New Brunswick, New Jersey, USA, July 27-30, 1996},
  pages     = {278--292},
  year      = {1996},
}

@inproceedings{HenzingerSTOC,
  author    = {T. A. Henzinger and
               P. W. Kopke and
               A. Puri and
               P. Varaiya},
  title     = {What's decidable about hybrid automata?},
  booktitle = {Proceedings of the Twenty-Seventh Annual {ACM} Symposium on Theory
               of Computing, 29 May-1 June 1995, Las Vegas, Nevada, {USA}},
  pages     = {373--382},
  year      = {1995},
}

@article{ContinuousSkolem,
  author    = {P. C. Bell and
               J.{-}C. Delvenne and
               R. M. Jungers and
               V. D. Blondel},
  title     = {The continuous {S}kolem-{P}isot problem},
  journal   = {Theor. Comput. Sci.},
  volume    = {411},
  number    = {40-42},
  pages     = {3625--3634},
  year      = {2010},
}

@article{ContinuousOrbitIPL,
  author    = {T. Chen and
               N. Yu and
               T. Han},
  title     = {Continuous-time orbit problems are decidable in polynomial-time},
  journal   = {Inf. Process. Lett.},
  volume    = {115},
  number    = {1},
  pages     = {11--14},
  year      = {2015},
}

%END LICS

%BEGIN HSCC
@ARTICLE{BM07,
    author = {A. Bacciotti and L. Mazzi},
    title = {Stability of dynamical polysystems via families of {L}yapunov functions},
    journal = {Jour. Nonlin. Analysis},
    volume = {67},
    year = {2007},
    pages = {2167--2179}
}

@inproceedings{SDI08,
author = {S. Sankaranarayanan and T. Dang and F. Ivancic},
title = {A Policy Iteration Technique for Time Elapse over Template Polyhedra},
booktitle = {Proceedings of HSCC},
  series    = {LNCS},
  volume    = {4981},
  publisher = {Springer},
year = {2008}
}

@book{Alu15,
author = {R. Alur},
title = {Principles of Cyber-Physical Systems},
publisher = {MIT Press},
year = {2015}
}

@book{HardyAndWright,
  author  = {G. H. Hardy and E. M. Wright},
  title = {An Introduction to the Theory of Numbers},
  publisher = {Oxford University Press},
  year = {1938}
}

@article{CastelanH92,
  author    = {E. B. Castelan and
               J.-C. Hennet},
  title     = {On Invariant Polyhedra of Continuous-Time Linear Systems},
  journal   = {IEEE Transactions on Automatic Control},
  volume    = {38},
  number    = {11},
  pages     = {1680--85},
  year      = {1993},
}

@inproceedings{Hainry08,
  author    = {E. Hainry},
  title     = {Reachability in Linear Dynamical Systems},
  booktitle = {Logic and Theory of Algorithms, 4th Conference on Computability in
               Europe, CiE 2008, Athens, Greece, June 15-20, 2008, Proceedings},
  pages     = {241--250},
  year      = {2008},
}

@inproceedings{COW14:SODA15,
  author = {V. Chonev and J. Ouaknine and J. Worrell},
  title = {The Polyhedron-Hitting Problem},
  booktitle = {Proceedings of the Twenty-Sixth Annual {ACM-SIAM} Symposium on Discrete
          Algorithms, {SODA} 2015, San Diego, CA, USA, January 4-6, 2015},
  year = {2015},
  publisher = {{SIAM}}
}

@inproceedings{COW16a:ICALP16,
  author = {V. Chonev and J. Ouaknine and J. Worrell},
  title = {On the {S}kolem {P}roblem for Continuous Linear Dynamical Systems},
  booktitle = {Proceedings of ICALP (to appear)},
  year = {2016},
  series    = {LIPIcs}
}

@inproceedings{COW16b:LICS16,
  author = {V. Chonev and J. Ouaknine and J. Worrell},
  title = {On Recurrent Reachability for Continuous Linear Dynamical Systems},
  booktitle = {Proceedings of LICS (to appear)},
  year = {2016},
   publisher = {IEEE Computer Society Press}
}



@inproceedings{OPW:SODA15,
  author = {J. Ouaknine and J. S. Pinto and J. Worrell},
  title = {On Termination of Integer Linear Loops},
  booktitle = {Proceedings of the Twenty-Sixth Annual {ACM-SIAM} Symposium on Discrete
          Algorithms, {SODA} 2015, San Diego, CA, USA, January 4-6, 2015},
  year = {2015},
  publisher = {{SIAM}}
}

@inproceedings{ChenFM12,
  author    = {H. Y. Chen and
               S. Flur and
               S. Mukhopadhyay},
  title     = {Termination Proofs for Linear Simple Loops},
  booktitle = {SAS},
  year      = {2012},
  pages     = {422-438},
  publisher = {Springer},
  series    = {Lecture Notes in Computer Science},
  volume    = {7460}
}


@inproceedings{ColonS01,
  author    = {M. Col{\'o}n and
               H. Sipma},
  title     = {Synthesis of Linear Ranking Functions},
  booktitle = {TACAS},
  year      = {2001},
  pages     = {67-81},
  publisher = {Springer},
  series    = {Lecture Notes in Computer Science},
  volume    = {2031}
}


@inproceedings{BradleyMS05,
  author    = {A. R. Bradley and
               Z. Manna and
               H. B. Sipma},
  title     = {Termination Analysis of Integer Linear Loops},
  booktitle = {CONCUR},
  year      = {2005},
  pages     = {488-502},
  publisher = {Springer},
  series    = {Lecture Notes in Computer Science},
  volume    = {3653}
}

@article{BasuPR96,
  author    = {S. Basu and
               R. Pollack and
               M.-F. Roy},
  title     = {On the Combinatorial and Algebraic Complexity of Quantifier
               Elimination},
  journal   = {J. ACM},
  volume    = {43},
  number    = {6},
  year      = {1996},
  pages     = {1002-1045},
  ee        = {http://doi.acm.org/10.1145/235809.235813},
  bibsource = {DBLP, http://dblp.uni-trier.de}
}


@inproceedings{CookPR06,
  author    = {B. Cook and
               A. Podelski and
               A. Rybalchenko},
  title     = {Termination proofs for systems code},
  booktitle = {PLDI},
  year      = {2006},
  pages     = {415-426},
  publisher = {ACM}
}

@inproceedings{OuaknineW13b,
author = {J. Ouaknine and J. Worrell},
  title = {Ultimate {P}ositivity is Decidable for Simple Linear Recurrence Sequences},
  booktitle = {Proceedings of ICALP'14},
  year = {2014},
note ={\textit{CoRR, abs}/1309.1914}
}



@article{BlondelJKP05,
  author    = {V. Blondel and
               E. Jeandel and
               P. Koiran and
               N. Portier},
  title     = {Decidable and Undecidable Problems about Quantum Automata},
  journal   = {SIAM J. Comput.},
  volume    = {34},
  number    = {6},
  year      = {2005},
  pages     = {1464-1473},
  ee        = {http://dx.doi.org/10.1137/S0097539703425861},
  bibsource = {DBLP, http://dblp.uni-trier.de}
}


@article{AV09,
title = {Small Points on Subvarieties of a Torus},
author = {F. Amoroso and E. Viada},
journal = {Duke Mathematical Journal},
volume = {150},
number = {3},
year = {2009}
}


@article{ESS02,
author = {J.-H. Evertse and H. P. Schlickewei and W. M. Schmidt},
title = {Linear Equations in Variables which Lie in a Multiplicative Group},
journal = {Ann. Math.},
volume = {155},
number = {3},
year = {2002}
}


@book{Tao08,
  author  = {T. Tao},
  title = {Structure and randomness: pages from year one of a mathematical blog},
  publisher = {American Mathematical Society},
  year = {2008}
}


@article{BellDJB10,
  author    = {P. Bell and
               J.-C. Delvenne and
               R. Jungers and
               V. Blondel},
  title     = {The continuous {S}kolem-{P}isot problem},
  journal   = {Theor. Comput. Sci.},
  volume    = {411},
  number    = {40-42},
  year      = {2010},
  pages     = {3625-3634},
  ee        = {http://dx.doi.org/10.1016/j.tcs.2010.06.005},
  bibsource = {DBLP, http://dblp.uni-trier.de}
}

@article{BlondelT00,
  author    = {V. Blondel and
               J. Tsitsiklis},
  title     = {A survey of computational complexity results in systems
               and control},
  journal   = {Automatica},
  volume    = {36},
  number    = {9},
  year      = {2000},
  pages     = {1249-1274},
  ee        = {http://dx.doi.org/10.1016/S0005-1098(00)00050-9},
  bibsource = {DBLP, http://dblp.uni-trier.de}
}


@article{Sch77,
  author = {H. P. Schlickewei},
  title = {The {$\mathfrak{p}$}-adic {T}hue-{S}iegel-{R}oth-{S}chmidt {T}heorem},
  journal = {Arch. Math},
  volume = {29},
  pages = {267-270},
  year = {1977}
}

@article{HastadJLS89,
  author    = {J. H{\aa}stad and
               B. Just and
               J. C. Lagarias and
               C.-P. Schnorr},
  title     = {Polynomial Time Algorithms for Finding Integer Relations
               among Real Numbers},
  journal   = {SIAM J. Comput.},
  volume    = {18},
  number    = {5},
  year      = {1989},
  pages     = {859-881},
  ee        = {http://dx.doi.org/10.1137/0218059},
  bibsource = {DBLP, http://dblp.uni-trier.de}
}


@Book{MGbook,
  author =	 {D. Micciancio and S. Goldwasser},
  title = 	 {Complexity of Lattice Problems: a cryptographic perspective},
  publisher = 	 {Kluwer Academic Publishers},
  series =       {The Kluwer International Series in Engineering and
                  Computer Science},
  year = 	 2002,
  volume =	 671,
  address =	 {Boston, Massachusetts}
}


@inproceedings{OW13:constructive-positivity,
author = {J. Ouaknine and J. Worrell},
  title = {On the {P}ositivity {P}roblem for
Simple Linear Recurrence Sequences},
  booktitle = {Proceedings of ICALP'14},
  year = {2014},
note ={\textit{CoRR, abs}/1309.1550}
}

@inproceedings{OW14:SODA,
  author = {J. Ouaknine and J. Worrell},
  title = {Positivity Problems for Low-Order Linear Recurrence Sequences},
 booktitle = {Proceedings of SODA'14},
 publisher = {ACM-SIAM},
  year = {2014}
}

@article{Cai94,
  author    = {J.-Y. Cai},
  title     = {Computing {J}ordan Normal Forms Exactly for Commuting Matrices
               in Polynomial Time},
  journal   = {Int. J. Found. Comput. Sci.},
  volume    = {5},
  number    = {3/4},
  year      = {1994},
  pages     = {293-302},
  ee        = {http://dx.doi.org/10.1142/S0129054194000165},
  bibsource = {DBLP, http://dblp.uni-trier.de}
}


@inproceedings{Canny88,
 author = {J. Canny},
 title = {Some algebraic and geometric computations in {PSPACE}},
 booktitle = {Proceedings of STOC'88},
 year = {1988},
 pages = {460--467},
 numpages = {8},
 publisher = {ACM}
}

@inproceedings{Hansel85,
  author    = {G. Hansel},
  title     = {A Simple Proof of the {S}kolem-{M}ahler-{L}ech Theorem},
  booktitle = {ICALP},
  year      = {1985},
  pages     = {244-249},
  publisher = {Springer},
  series    = {Lecture Notes in Computer Science},
  volume    = {194}
}


@article{Evertse84,
author = {J.-H. Evertse},
journal = {Compositio Mathematica},
keywords = {linear recurrence relation; greatest prime factor},
language = {eng},
number = {2},
pages = {225-244},
publisher = {Noordhoff International},
title = {On sums of {$S$}-units and linear recurrences},
url = {http://eudml.org/doc/89685},
volume = {53},
year = {1984},
}

@article{PS82,
author = {A. J. van der Poorten and H. P. Schlickewei},
title = {The growth conditions for recurrence sequences},
journal = {Macquarie Math. Reports},
number = {82-0041},
year = {1982}
}

@book{Cassels65,
 author = {J. W. S. Cassels},
 title = {An introduction to Diophantine approximation},
 publisher = {Camb. Univ. Pr.},
 year = {1965}
}

@book{Bak75,
author = {A. Baker},
title = {Transcendental Number Theory},
publisher = {Camb.\ Univ.\ Press},
year = {1975}
}

@article{BW81,
author = {J. R. Burke and W. A. Webb},
title = {Asymptotic Behavior of Linear Recurrences},
journal = {Fib. Quart.},
volume = {19},
number = {4},
year = {1981}
}

@inproceedings{Sch80,
author = {W. M. Schmidt},
title = {Diophantine Approximation},
booktitle = {Lect. Notes. in Math.},
volume = {785},
year = {1980}
}

@article{HKR10,
author = {M. Hirvensalo and J.~Karhum{\"a}ki and A. Rabinovich},
title = {Computing Partial Information out of Intractable: Powers of Algebraic
  Numbers as an Example},
journal = {Jour. Number Theory},
volume = {130},
year = {2010}
}

@book{RP92,
author = {A. M. Rockett and P. Sz\"usz},
title = {Continued Fractions},
publisher = {World Scientific},
year = {1992}
}

@book{CF89,
author = {T. W. Cusick and M. E. Flahive},
title = {The {M}arkoff and {L}agrange Spectra},
publisher = {American Mathematical Society},
year = {1989}
}

@article{LS97,
author = {J. C. Lagarias and J. O. Shallit},
title = {Linear fractional transformations of continued fractions
with bounded partial quotients},
journal = {Journal de Th\'eorie des Nombres de Bordeaux},
volume = {9},
year = {1997}
}

@inproceedings{OW12,
  author    = {J. Ouaknine and
               J. Worrell},
  title     = {Decision Problems for Linear Recurrence Sequences},
  booktitle = {Proceedings of RP'12},
  year      = {2012},
  series    = {LNCS},
  volume    = {7550},
  publisher = {Springer}
}

@article{Liu10,
  author    = {L. Liu},
  title     = {Positivity of Three-Term Recurrence Sequences},
  journal   = {Elec. J. Comb.},
  volume    = {17},
  number    = {1},
  year      = {2010}
}

@article{DJK05,
  author    = {H. Derksen and
               E. Jeandel and
               P. Koiran},
  title     = {Quantum Automata and Algebraic Groups},
  journal   = {J. Symb. Comput.},
  volume    = {39},
  number    = {3-4},
  year      = {2005}
}

@inproceedings{COW13,
author = {V. Chonev and J. Ouaknine and J. Worrell},
title = {The {O}rbit {P}roblem in Higher Dimensions},
booktitle = {Proceedings of STOC'13},
publisher = {ACM},
year = {2013}
}

@article{BRS06,
  author    = {D. Beauquier and
               A. M. Rabinovich and
               A. Slissenko},
  title     = {A Logic of Probability with Decidable Model Checking},
  journal   = {J. Log. Comput.},
  volume    = {16},
  number    = {4},
  year      = {2006}
}

@inproceedings{BRS02,
  author    = {D. Beauquier and
               A. Rabinovich and
               A. Slissenko},
  title     = {A Logic of Probability with Decidable Model-Checking},
  booktitle = {Proc. Comp. Sci. Logic (CSL)},
  year      = {2002},
  series    = {LNCS},
  volume    = {2471},
  publisher = {Springer}
}

@Misc{Tao07,
  author = 	 {T. Tao},
  title = 	 {Open question: effective {S}kolem-{M}ahler-{L}ech theorem},
  howpublished = {\emph{Blog entry}},
  month = 	 {May},
  year = 	 2007,
}

@article{Lit97,
  author    = {B. Litow},
  title     = {A Decision Method for the Rational Sequence Problem},
  journal   = {Electronic Colloquium on Computational Complexity (ECCC)},
  volume    = {4},
  number    = {55},
  year      = {1997}
}

@inproceedings{Bra06,
  author    = {M. Braverman},
  title     = {Termination of Integer Linear Programs},
  booktitle = {Proc. Intern. Conf. on Computer Aided Verification (CAV)},
  year      = {2006},
  series    = {LNCS},
  volume    = {4144},
  publisher = {Springer}
}

@Article{BP02,
  author = 	 {V. D. Blondel and N. Portier},
  title = 	 {The presence of a zero in an integer linear
                  recurrent sequence is {NP}-hard to decide},
  volume = {351--352},
  journal = 	 {Linear Algebra and Its Applications},
  year = 	 2002}

@Book{Wal00,
  author = 	 {M. Waldschmidt},
  title = 	 {Diophantine approximation on linear algebraic groups},
  publisher = 	 {Springer-Verlag},
  year = 	 2000}

@Article{MST84,
  author = 	 {M. Mignotte and T. Shorey and R. Tijdeman},
  title = 	 {The distance between terms of an algebraic
                  recurrence sequence},
  journal = 	 {J. f\"ur die reine und angewandte Math.},
  year = 	 1984,
  volume = 	 349}

@Article{Ver85,
  author = 	 {N. K. Vereshchagin},
  title = 	 {The problem of appearance of a zero in a linear
                  recurrence sequence (in {R}ussian)},
  journal = 	 {Mat. Zametki},
  year = 	 1985,
  volume = 	 38,
  number = 	 2}

@Misc{Lip09,
  author = 	 {R. J. Lipton},
  title = 	 {Mathematical Embarrassments},
  howpublished = {\emph{Blog entry}},
  month = 	 {December},
  year = 	 2009
}

@inproceedings{Mig82,
author = {M. Mignotte},
title = {Some Useful Bounds},
booktitle = {Computer Algebra},
year = {1982}
}

@Article{BM76,
  author = 	 {J. Berstel and M. Mignotte},
  title = 	 {Deux propri\'et\'es d\'ecidables des suites
r\'ecurrentes lin\'eaires},
  journal = 	 {Bull. Soc. Math. France},
  year = 	 1976,
  volume = 	 104}

@Book{Coh93,
  author = 	 {H. Cohen},
  title = 	 {A Course in Computational Algebraic Number Theory},
  publisher = 	 {Springer-Verlag},
  year = 	 1993}

@Book{SnT,
  author = 	 {I. Stewart, D. Tall},
  title = 	 {Algebraic Number Theory and Fermat's Last Theorem},
  publisher = 	 {A K Peters},
  year = 	 2002}

@Book{BPR06,
author = {S. Basu and R. Pollack and M.-F. Roy},
title = {Algorithms in Real Algebraic Geometry},
edition = {2nd},
year = {2006},
publisher = {Springer}
}

@article{NS90,
author = {K. Nagasaka and J.-S. Shiue},
title = {Asymptotic Positiveness of Linear Recurrence Sequences},
journal = {Fib. Quart.},
volume = {28},
number = {4},
year = {1990}
}

@article{Ger05,
author = {S. Gerhold},
title = {Point lattices and oscillating recurrence sequences},
journal = {Jour. of Difference Equations and Applications},
publisher = {Taylor {\&} Francis},
volume = {11},
number = {6},
year = {2005}
}

@book{BCR98,
author = {J. Bochnak and M. Coste and M.-F. Roy},
title = {Real Algebraic Geometry},
year = {1998},
publisher = {Springer}
}

@book{Bou66,
author = {N. Bourbaki},
title = {Elements of Mathematics: General Topology (Part 2)},
publisher = {Addison-Wesley},
year = {1966}
}

@article{BW93,
author = {A. Baker and G. W\"{u}stholz},
title = {Logarithmic forms and group varieties},
journal = {Jour. Reine Angew. Math.},
volume = 442,
year = {1993}
}

@article{Ren92,
author = {J. Renegar},
title = {On the Computational Complexity and Geometry of the
                  First-Order Theory of the Reals.},
journal = {J. Symb. Comp.},
year = {1992},
publisher = {Academic Press Ltd.}
}

@TechReport{TUCS05,
  title = {Skolem's Problem -- On the Border between Decidability and
                  Undecidability},
  author = {V. Halava and T. Harju and M. Hirvensalo and J. Karhum\"aki},
  number = {683},
  series = {TUCS Technical Reports},
  institution = {Turku Centre for Computer Science},
  year = {2005}
}

@InProceedings{Sko34,
  author = 	 {T. Skolem},
  title = 	 {Ein {V}erfahren zur {B}ehandlung gewisser
exponentialer {G}leichungen},
  booktitle = {Comptes rendus du congr\`es des math\'ematiciens
scandinaves},
  year = 	 1934}

@Article{Mah35,
  author = 	 {K. Mahler},
  title = 	 {Eine arithmetische {E}igenschaft der
{T}aylor {K}oeffizienten rationaler {F}unktionen},
  journal = 	 {Proc. Akad. Wet. Amsterdam},
  year = 	 1935,
  volume = 	 38}

@Article{Mah56,
  author = 	 {K. Mahler},
  title = 	 {On the {T}aylor coefficients of rational functions},
  journal = 	 {Proc. Cambridge Philos. Soc.},
  year = 	 1956,
  volume = 	 52}

@Article{Lec53,
  author = 	 {C. Lech},
  title = 	 {A note on recurring series},
  journal = 	 {Ark. Mat.},
  year = 	 1953,
  volume = 	 2}

@article{Pan97,
author = {V. Pan},
title = {Optimal and Nearly Optimal Algorithms for Approximating Polynomial
  Zeros},
journal = {Computers {\&} Mathematics with Applications},
volume = {31},
number= {12},
year = {1996}
}

@book{Tar51,
author = {A. Tarski},
title = {A Decision Method for Elementary Algebra and Geometry},
publisher = {University of California Press},
year = {1951}
}

@inproceedings{Col75,
author = {G. E. Collins},
title = {Quantifier Elimination for Real Closed Fields by
Cylindrical Algebraic Decomposition},
booktitle = {Proc. 2nd GI Conf. Automata Theory and Formal Languages},
publisher = {Springer-Verlag},
year = {1975}
}

@inproceedings{PR04,
  author    = {A. Podelski and
               A. Rybalchenko},
  title     = {A Complete Method for the Synthesis of Linear Ranking Functions},
  booktitle = {Proc. Intern. Conf. on Verif., Model Checking, and Abstract
Interpretation (VMCAI)},
  year      = {2004},
  series    = {LNCS},
  volume = {2937},
publisher = {Springer}
}

@inproceedings{AAG12,
  author    = {M. Agrawal and
               S. Akshay and
               B. Genest and
               P. S. Thiagarajan},
  title     = {Approximate Verification of the Symbolic Dynamics of {M}arkov
               Chains},
  booktitle = {Proc. Symp. on Logic in Comp. Sci. (LICS)},
  year      = {2012},
  publisher = {IEEE}
}

@inproceedings{BIK12,
  author    = {M. Bozga and
               R. Iosif and
               Filip Konecn{\'y}},
  title     = {Deciding Conditional Termination},
  booktitle = {Proc. Intern. Conf. on Tools and Algorithms for the
             Construction and Analysis of Systems (TACAS)},
  year      = {2012},
  series    = {LNCS},
  publisher = {Springer},
  volume    = {7214}
}

@article{CPR11,
  author    = {B. Cook and
               A. Podelski and
               A. Rybalchenko},
  title     = {Proving Program Termination},
  journal   = {Commun. ACM},
  volume    = {54},
  number    = {5},
  year      = {2011}
}

@inproceedings{Ge93:FOCS,
 author = {G. Ge},
 title = {Testing equalities of multiplicative representations in polynomial time},
 booktitle = {Proceedings of the 1993 IEEE 34th Annual Foundations of Computer Science},
 series = {SFCS '93},
 year = {1993},
 isbn = {0-8186-4370-6},
 pages = {422--426},
 numpages = {5},
 url = {http://dx.doi.org/10.1109/SFCS.1993.366845},
 doi = {10.1109/SFCS.1993.366845},
 acmid = {1398984},
 publisher = {IEEE Computer Society},
 address = {Washington, DC, USA},
 keywords = {deterministic polynomial time algorithm, testing equalities, multiplicative representations, polynomial time, nonzero elements, algebraic number field, rational integers},
}

@PhDthesis{Ge93,
author = {G. Ge},
title = {Algorithms Related to Multiplicative Representations of
Algebraic Numbers},
year = {1993},
school = {U.C. Berkeley}
}

@inproceedings{Ben13,
  author    = {A. M. Ben-Amram},
  title     = {Mortality of Iterated Piecewise Affine Functions over the
               Integers: Decidability and Complexity},
  booktitle = {Proc. Intern. Symp. on Theoret. Aspects of Comp. Sci.(STACS)},
  year      = {2013},
  publisher = {Schloss Dagstuhl -- Leibniz-Zentrum f\"ur Informatik},
  series    = {LIPIcs},
  volume    = {20}
}

@article{BGM12,
  author    = {A. M. Ben-Amram and
               S. Genaim and
               A. N. Masud},
  title     = {On the Termination of Integer Loops},
  journal   = {ACM Trans. Program. Lang. Syst.},
  volume    = {34},
  number    = {4},
  year      = {2012}
}

@article{KL86,
  author    = {R. Kannan and
               R. J. Lipton},
  title     = {Polynomial-Time Algorithm for the Orbit Problem},
  journal   = {JACM},
  volume    = {33},
  number    = {4},
  year      = {1986}
}

@article{CLZ00,
  author    = {J.-Y. Cai and
               R. J. Lipton and
               Y. Zalcstein},
  title     = {The Complexity of the {A B C} Problem},
  journal   = {SIAM J. Comput.},
  volume    = {29},
  number    = {6},
  year      = {2000}
}

@inproceedings{YLN95,
author = {K. Yokoyama and Z. Li and I. Nemes},
title = {Finding roots of unity among quotients of the roots of
an integral polynomial},
booktitle = {Proc. Intern. Symp. on Symb. and Algebraic Comp.},
year = {1995}
}

@inproceedings{Mas88,
author = {D. W. Masser},
title = {Linear Relations on Algebraic Groups},
booktitle = {New Advances in Transcendence Theory},
publisher = {Camb.\ Univ.\ Press},
year = {1988}
}

@inproceedings{TV11,
  author    = {S. P. Tarasov and
               M. N. Vyalyi},
  title     = {Orbits of Linear Maps and Regular Languages},
  booktitle = {Proc. Intern. Comp. Sci. Symp. in Russia (CSR)},
  year      = {2011},
  publisher = {Springer},
  series = {LNCS},
  volume = {6651}
}

@inproceedings{Tiw04,
  author    = {A. Tiwari},
  title     = {Termination of Linear Programs},
  booktitle = {Proc. Intern. Conf. on Comp. Aided Verif. (CAV)},
  year      = {2004},
  series    = {LNCS},
  volume    = {3114},
  publisher = {Springer}
}

@Book{BOOK,
  author = 	 {G. Everest and A. van der Poorten and
                  I. Shparlinski and T. Ward},
  title = 	 {Recurrence Sequences},
  publisher = 	 {American Mathematical Society},
  year = 	 2003}

@book{Bau70,
author = {W. J. Baumol},
title = {Economic Dynamics},
publisher = {Prentice Hall},
year = {1970},
edition = {3rd}
}

@InCollection{Soi76,
  author = 	 {M. Soittola},
  title = 	 {On {D0L} Synthesis Problem},
  booktitle = 	 {Automata, Languages, Development},
  publisher = {North-Holland},
  year = 	 1976,
  editor = 	 {A. Lindenmayer and G. Rozenberg}}

@proceedings{LR76,
editor = {A. Lindenmayer and G. Rozenberg},
booktitle = {Automata, Languages, Development},
title     =    {Automata, Languages, Development},
publisher = {North-Holland},
year      = {1976}
}

@InCollection{Sal76,
  author = 	 {A. Salomaa},
  title = 	 {Growth Functions of {L}indenmayer Systems: Some New
                  Approaches},
  booktitle = 	 {Automata, Languages, Development},
  publisher = {North-Holland},
  year = 	 {1976},
  editor = 	 {A. Lindenmayer and G. Rozenberg}
}

@book{RS94,
author = {G. Rozenberg and A. Salomaa},
title = {Cornerstones of Undecidability},
year = {1994},
publisher = {Prentice Hall}
}

@article{BG07,
author = {J. P. Bell and S. Gerhold},
title = {On the Positivity Set of a Linear Recurrence},
journal = {Israel Jour. Math.},
volume = {57},
year = {2007}
}

@article{HHH06,
  author    = {V. Halava and
               T. Harju and
               M. Hirvensalo},
  title     = {Positivity of second order linear recurrent sequences},
  journal   = {Discrete Applied Mathematics},
  volume    = {154},
  number    = {3},
  year      = {2006}
 }

@Article{LT09,
  author = 	 {V. Laohakosol and P. Tangsupphathawat},
  title = 	 {Positivity of third order linear recurrence sequences},
  journal = 	 {Discrete Applied Mathematics},
  year = 	 2009,
  volume = 	 157,
  number = 	 15}


@article{B1940,
  author = {A.S. Besicovitch},
  title = {On the linear independence of fractional powers of integers},
  journal = {J. London Math. Soc.},
  volume = {15},
  pages = {3-6},
  year = {1940}
}

@book{FT93,
  author = {A. Fr{\"{o}}hlich and M.J. Taylor},
  title = {Algebraic Number Theory},
  publisher = {Camb.\ Univ.\ Press},
  year = {1993}
}


@book{SD01,
  author = {H. Swinnerton-Dyer},
  title = {A Brief Guide to Algebraic Number Theory},
  publisher = {London Mathmetical Society},
  series = {Student Texts},
  volume = {50},
  year = {2001}
}


@book{Baker12,
   author = {A. Baker},
  title = {A Comprehensive Introduction to Number Theory},
   publisher = {Camb.\ Univ.\ Press},
  year = {2012}
 }

@article{GrigorevVV88,
  author    = {Dima Grigoriev and
               Nicolai Vorobjov},
  title     = {Solving Systems of Polynomial Inequalities in Subexponential
               Time},
  journal   = {J. Symb. Comput.},
  volume    = {5},
  number    = {1-2},
  year      = {1988},
  pages     = {37-64}
}



@article{SchaeferS13,
 author = {Marcus Schaefer and Daniel \v{S}tefankovi\v{c}},
 title = {Fixed Points, {N}ash Equilibria and the Existential Theory of the Reals},
 journal = {Unpublished},
 year = {2011}
}

@inproceedings{CuckerR92,
  author    = {Felipe Cucker and
               Francesc Rossell{\'o}},
  title     = {On the Complexity of Some Problems for the {B}lum, {S}hub and
               {S}male Model},
  booktitle = {LATIN},
  year      = {1992},
  pages     = {117-129},
  publisher = {Springer},
  series    = {Lecture Notes in Computer Science},
  volume    = {583}
}


@article{ABKM09,
  author    = {Eric Allender and
               Peter B{\"u}rgisser and
               Johan Kjeldgaard-Pedersen and
               Peter Bro Miltersen},
  title     = {On the Complexity of Numerical Analysis},
  journal   = {SIAM J. Comput.},
  volume    = {38},
  number    = {5},
  year      = {2009},
  pages     = {1987-2006}
}

@book{BSS,
  author ={L. Blum and F. Cucker and M. Shub and S. Smale},
  title = {Complexity and real computation},
  publisher={Springer-Verlag},
  year ={1997}
}

@inproceedings{BlumSS88,
  author    = {L. Blum and
               M. Shub and
               S. Smale},
  title     = {On a Theory of Computation over the Real Numbers; NP Completeness,
               Recursive Functions and Universal Machines (Extended Abstract)},
  booktitle = {FOCS},
  year      = {1988},
  pages     = {387-397},
  publisher = {IEEE Computer Society}
}

@article{AdlerB94,
  author    = {I. Adler and
               P. A. Beling},
  title     = {Polynomial Algorithms for Linear Programming over the Algebraic
               Numbers},
  journal   = {Algorithmica},
  volume    = {12},
  number    = {6},
  year      = {1994},
  pages     = {436-457},
  ee        = {http://dx.doi.org/10.1007/BF01188714},
  bibsource = {DBLP, http://dblp.uni-trier.de}
}

@inproceedings{KhachiyanP97,
  author    = {L. Khachiyan and
               L. Porkolab},
  title     = {Computing Integral Points in Convex Semi-algebraic Sets},
  booktitle = {FOCS},
  year      = {1997},
  pages     = {162-171},
  ee        = {http://doi.ieeecomputersociety.org/10.1109/SFCS.1997.646105},
  bibsource = {DBLP, http://dblp.uni-trier.de}
}

@inproceedings{Ben-AmramG13,
  author    = {A.M. Ben-Amram and
               Samir Genaim},
  title     = {On the linear ranking problem for integer linear-constraint
               loops},
  booktitle = {POPL},
  year      = {2013},
  pages     = {51-62},
  ee        = {http://doi.acm.org/10.1145/2429069.2429078},
  bibsource = {DBLP, http://dblp.uni-trier.de}
}

@inproceedings{PodelskiR04,
  author    = {A. Podelski and
               A. Rybalchenko},
  title     = {Transition Invariants},
  booktitle = {LICS},
  year      = {2004},
  pages     = {32-41},
  ee        = {http://doi.ieeecomputersociety.org/10.1109/LICS.2004.1319598},
  bibsource = {DBLP, http://dblp.uni-trier.de}
}

@Article{LenstraLenstraLovasz1982,
  author = {A.K. Lenstra and H.W. Lenstra Jr. and L{\'a}szlo Lov{\'a}sz},
  title = {Factoring polynomials with rational coefficients},
  journal = {Math. Ann.},
  year = 1982,
  volume = 261,
  pages = {515--534}
}

@Article{ConstructiveKronecker1,
  author = {D. Bridges and P. Schuster},
  title = {A simple constructive proof of Kronecker's Density Theorem},
  journal = {Elemente der Mathematik},
  year = 2006,
  volume = 61,
  pages = {152--154}
}

@TECHREPORT{ConstructiveKronecker2,
    author = {G. Malajovich},
    title = {An effective version of Kronecker’s theorem on simultaneous Diophantine approximation},
    institution = {UFRJ},
    year = {1996}
}

%END HSCC

%BEGIN CONTROL
@book{Harrison,
 author = {Harrison, M. A.},
 title = {Introduction to Formal Language Theory},
 year = {1978},
 isbn = {0201029553},
 edition = {1st},
 publisher = {Addison-Wesley Longman Publishing Co., Inc.},
 address = {Boston, MA, USA},
}

@article{KL86,
 author = {Kannan, R. and Lipton, R. J.},
 title = {Polynomial-time Algorithm for the Orbit Problem},
 journal = {J. ACM},
 issue_date = {Oct. 1986},
 volume = {33},
 number = {4},
 month = aug,
 year = {1986},
 issn = {0004-5411},
 pages = {808--821},
 numpages = {14},
 url = {http://doi.acm.org/10.1145/6490.6496},
 doi = {10.1145/6490.6496},
 acmid = {6496},
 publisher = {ACM},
 address = {New York, NY, USA},
}

@article{ContinuousSkolem1,
title = "The continuous Skolem-Pisot problem",
journal = "Theoretical Computer Science",
volume = "411",
number = "40",
pages = "3625 - 3634",
year = "2010",
note = "",
issn = "0304-3975",
doi = "http://dx.doi.org/10.1016/j.tcs.2010.06.005",
url = "http://www.sciencedirect.com/science/article/pii/S0304397510003397",
author = "Bell, P. C. and Delvenne, J. C. and Jungers, R. M. and Blondel, V. D.",
}

@article{ContinuousSkolem2,
title = "Continuous-time orbit problems are decidable in polynomial-time ",
journal = "Information Processing Letters ",
volume = "115",
number = "1",
pages = "11 - 14",
year = "2015",
note = "",
issn = "0020-0190",
doi = "http://dx.doi.org/10.1016/j.ipl.2014.08.004",
url = "http://www.sciencedirect.com/science/article/pii/S0020019014001628",
author = "Chen, T. and Yu, N. and Han, T.",
}

@article{MRP,
title = "Reachability problems for Markov chains ",
journal = "Information Processing Letters ",
volume = "115",
number = "2",
pages = "155 - 158",
year = "2015",
note = "",
issn = "0020-0190",
doi = "http://dx.doi.org/10.1016/j.ipl.2014.08.013",
url = "http://www.sciencedirect.com/science/article/pii/S0020019014001781",
author = "Akshay, S. and Antonopoulos, T. and Ouaknine, J. and Worrell, J.",
}

@inproceedings{PP,
  author    = {Ouaknine, J. and
               Worrell, J.},
  title     = {Positivity Problems for Low-Order Linear Recurrence Sequences},
  booktitle = {Proceedings of the Twenty-Fifth Annual {ACM-SIAM} Symposium on Discrete
               Algorithms, {SODA} 2014, Portland, Oregon, USA, January 5-7, 2014},
  pages     = {366--379},
  year      = {2014},
  url       = {http://dx.doi.org/10.1137/1.9781611973402.27},
  doi       = {10.1137/1.9781611973402.27},
}

%END CONTROL
